<?xml version="1.0" encoding="UTF-8"?><record xmlns="http://www.loc.gov/MARC21/slim" xmlns:cinclude="http://apache.org/cocoon/include/1.0" xmlns:zs="http://www.loc.gov/zing/srw/">
  <leader>00503cz  a2200145n  4500</leader>
  <controlfield tag="001">no2010066423</controlfield>
  <controlfield tag="003">DLC</controlfield>
  <controlfield tag="005">20100512080439.0</controlfield>
  <controlfield tag="008">100421n| acannaabn          |n aaa     c</controlfield>
  <datafield tag="010" ind1=" " ind2=" ">
    <subfield code="a">no2010066423</subfield>
  </datafield>
  <datafield tag="035" ind1=" " ind2=" ">
    <subfield code="a">(OCoLC)oca08469812</subfield>
  </datafield>
  <datafield tag="040" ind1=" " ind2=" ">
    <subfield code="a">NcD-L</subfield>
    <subfield code="b">eng</subfield>
    <subfield code="c">NcD-L</subfield>
    <subfield code="d">DLC</subfield>
  </datafield>
  <datafield tag="100" ind1="1" ind2=" ">
    <subfield code="a">Smith, Philip J.,</subfield>
    <subfield code="d">1946-</subfield>
  </datafield>
  <datafield tag="670" ind1=" " ind2=" ">
    <subfield code="a">Roy W. Davis Jr, 2007:</subfield>
    <subfield code="b">interviewer (Philip J. Smith)</subfield>
  </datafield>
  <datafield tag="670" ind1=" " ind2=" ">
    <subfield code="a">Martindale-Hubbell, accessed Apr. 21, 2010:</subfield>
    <subfield code="b">(b. 1946; Temple University (J.D., 1972); Wake Forest University (B.A., 1968))</subfield>
  </datafield>
</record>